<?xml version="1.0" encoding="UTF-8"?><collection xmlns="http://www.loc.gov/MARC21/slim"><record><leader>00528nam--2200205-u-4500</leader><controlfield tag="001">000053101</controlfield><controlfield tag="002">20161230</controlfield><controlfield tag="005">20161230201050</controlfield><controlfield tag="008">110105s1000------------r-----000-0-eng-d</controlfield><datafield ind1=" " ind2=" " tag="020"><subfield code="a">058235692X</subfield></datafield><datafield ind1=" " ind2=" " tag="040"><subfield code="a">IFIN-HH</subfield></datafield><datafield ind1=" " ind2=" " tag="080"><subfield code="a">539</subfield></datafield><datafield ind1="1" ind2=" " tag="100"><subfield code="a">Bransden, B.H</subfield></datafield><datafield ind1="1" ind2="0" tag="245"><subfield code="a">Physics of atoms and molecules</subfield><subfield code="c">B.h. bransden; c.j. joachain</subfield></datafield><datafield ind1=" " ind2=" " tag="250"><subfield code="a">2nd Edition</subfield></datafield><datafield ind1=" " ind2=" " tag="260"><subfield code="a">Harlow</subfield><subfield code="b">Pearson Education Limited</subfield><subfield code="c">2003</subfield></datafield><datafield ind1=" " ind2=" " tag="300"><subfield code="a">1114P</subfield></datafield><datafield ind1="1" ind2=" " tag="700"><subfield code="a">Joachain, C.J</subfield></datafield><datafield ind1=" " ind2=" " tag="852"><subfield code="a">81420</subfield><subfield code="c">539</subfield></datafield><datafield ind1=" " ind2=" " tag="CAT"><subfield code="a">Sys</subfield><subfield code="c">20110105</subfield><subfield code="h">142439</subfield></datafield></record></collection>